% Encoding: UTF-8

@article{DPShierarchy,
   title={Complete family of separability criteria},
   volume={69},
   ISSN={1094-1622},
   url={http://dx.doi.org/10.1103/PhysRevA.69.022308},
   DOI={10.1103/physreva.69.022308},
   number={2},
   journal={Physical Review A},
   publisher={American Physical Society (APS)},
   author={Doherty, Andrew C. and Parrilo, Pablo A. and Spedalieri, Federico M.},
   year={2004},
   month=feb }

@article{NPAhierarchy,
   title={A convergent hierarchy of semidefinite programs characterizing the set of quantum correlations},
   volume={10},
   ISSN={1367-2630},
   url={http://dx.doi.org/10.1088/1367-2630/10/7/073013},
   DOI={10.1088/1367-2630/10/7/073013},
   number={7},
   journal={New Journal of Physics},
   publisher={IOP Publishing},
   author={Navascués, Miguel and Pironio, Stefano and Acín, Antonio},
   year={2008},
   month=jul, pages={073013} }

  @article{Johnston2025tightbounds,
  doi = {10.22331/q-2025-02-04-1622},
  url = {https://doi.org/10.22331/q-2025-02-04-1622},
  title = {Tight bounds for antidistinguishability and circulant sets of pure quantum states},
  author = {Johnston, Nathaniel and Russo, Vincent and Sikora, Jamie},
  journal = {{Quantum}},
  issn = {2521-327X},
  publisher = {{Verein zur F{\"{o}}rderung des Open Access Publizierens in den Quantenwissenschaften}},
  volume = {9},
  pages = {1622},
  month = feb,
  year = {2025}
}
@article{Harrow_2019,
   title={Limitations of Semidefinite Programs for Separable States and Entangled Games},
   volume={366},
   ISSN={1432-0916},
   url={http://dx.doi.org/10.1007/s00220-019-03382-y},
   DOI={10.1007/s00220-019-03382-y},
   number={2},
   journal={Communications in Mathematical Physics},
   publisher={Springer Science and Business Media LLC},
   author={Harrow, Aram W. and Natarajan, Anand and Wu, Xiaodi},
   year={2019},
   month=mar, pages={423–468} }
@article{PhysicsPhysiqueFizika.1.195,
  title = {On the Einstein Podolsky Rosen paradox},
  author = {Bell, J. S.},
  journal = {Physics Physique Fizika},
  volume = {1},
  issue = {3},
  pages = {195--200},
  numpages = {6},
  year = {1964},
  month = {Nov},
  publisher = {American Physical Society},
  doi = {10.1103/PhysicsPhysiqueFizika.1.195},
  url = {https://link.aps.org/doi/10.1103/PhysicsPhysiqueFizika.1.195}
}
@article{tsirelson1993some,
  title={Some results and problems on quantum Bell-type inequalities},
  author={Tsirelson, Boris S},
  journal={Hadronic Journal Supplement},
  volume={8},
  number={4},
  pages={329--345},
  year={1993}
}
@article{Slofstra_2019,
   title={Tsirelson’s problem and an embedding theorem for groups arising from non-local games},
   volume={33},
   ISSN={1088-6834},
   url={http://dx.doi.org/10.1090/jams/929},
   DOI={10.1090/jams/929},
   number={1},
   journal={Journal of the American Mathematical Society},
   publisher={American Mathematical Society (AMS)},
   author={Slofstra, William},
   year={2019},
   month=sep, pages={1–56} 
}
@article {MR2790067,
    AUTHOR = {Junge, M. and Navascues, M. and Palazuelos, C. and
              Perez-Garcia, D. and Scholz, V. B. and Werner, R. F.},
     TITLE = {Connes embedding problem and {T}sirelson's problem},
   JOURNAL = {J. Math. Phys.},
  FJOURNAL = {Journal of Mathematical Physics},
    VOLUME = {52},
      YEAR = {2011},
    NUMBER = {1},
     PAGES = {012102, 12},
      ISSN = {0022-2488,1089-7658},
   MRCLASS = {46L07 (46L06 46N50 81P15)},
  MRNUMBER = {2790067},
MRREVIEWER = {Mark\ Tomforde},
       DOI = {10.1063/1.3514538},
       URL = {https://doi.org/10.1063/1.3514538},
}
@article{ji2021mip,
  title={Mip*= re},
  author={Ji, Zhengfeng and Natarajan, Anand and Vidick, Thomas and Wright, John and Yuen, Henry},
  journal={Communications of the ACM},
  volume={64},
  number={11},
  pages={131--138},
  year={2021},
  publisher={ACM New York, NY, USA}
}
@misc{lee2014lowerboundssizesemidefinite,
      title={Lower bounds on the size of semidefinite programming relaxations}, 
      author={James R. Lee and Prasad Raghavendra and David Steurer},
      year={2014},
      eprint={1411.6317},
      archivePrefix={arXiv},
      primaryClass={cs.CC},
      url={https://arxiv.org/abs/1411.6317}, 
}
@inproceedings{tulsiani2009csp,
  title={CSP gaps and reductions in the Lasserre hierarchy},
  author={Tulsiani, Madhur},
  booktitle={Proceedings of the forty-first annual ACM symposium on Theory of computing},
  pages={303--312},
  year={2009}
}
@misc{odonnell2014hardnessrobustgraphisomorphism,
      title={Hardness of robust graph isomorphism, Lasserre gaps, and asymmetry of random graphs}, 
      author={Ryan O'Donnell and John Wright and Chenggang Wu and Yuan Zhou},
      year={2014},
      eprint={1401.2436},
      archivePrefix={arXiv},
      primaryClass={cs.CC},
      url={https://arxiv.org/abs/1401.2436}, 
}


@Comment{jabref-meta: databaseType:bibtex;}
